[gd_scene load_steps=37 format=1]

[ext_resource path="res://skrypty/unit_properties.gd" type="Script" id=1]
[ext_resource path="res://gfx/unit/U3/any0000.png" type="Texture" id=2]
[ext_resource path="res://gfx/unit/U3/any0001.png" type="Texture" id=3]
[ext_resource path="res://gfx/unit/U3/any0002.png" type="Texture" id=4]
[ext_resource path="res://gfx/unit/U3/any0003.png" type="Texture" id=5]
[ext_resource path="res://gfx/unit/U3/any0004.png" type="Texture" id=6]
[ext_resource path="res://gfx/unit/U3/any0005.png" type="Texture" id=7]
[ext_resource path="res://gfx/unit/U3/any0006.png" type="Texture" id=8]
[ext_resource path="res://gfx/unit/U3/any0007.png" type="Texture" id=9]
[ext_resource path="res://gfx/unit/U3/any0008.png" type="Texture" id=10]
[ext_resource path="res://gfx/unit/U3/any0009.png" type="Texture" id=11]
[ext_resource path="res://gfx/unit/U3/any0010.png" type="Texture" id=12]
[ext_resource path="res://gfx/unit/U3/any0011.png" type="Texture" id=13]
[ext_resource path="res://gfx/unit/U3/any0012.png" type="Texture" id=14]
[ext_resource path="res://gfx/unit/U3/any0013.png" type="Texture" id=15]
[ext_resource path="res://gfx/unit/U3/any0014.png" type="Texture" id=16]
[ext_resource path="res://gfx/unit/U3/any0015.png" type="Texture" id=17]
[ext_resource path="res://gfx/unit/U3/any0016.png" type="Texture" id=18]
[ext_resource path="res://gfx/unit/U3/any0017.png" type="Texture" id=19]
[ext_resource path="res://gfx/unit/U3/any0018.png" type="Texture" id=20]
[ext_resource path="res://gfx/unit/U3/any0019.png" type="Texture" id=21]
[ext_resource path="res://gfx/unit/U3/any0020.png" type="Texture" id=22]
[ext_resource path="res://gfx/unit/U3/any0021.png" type="Texture" id=23]
[ext_resource path="res://gfx/unit/U3/any0022.png" type="Texture" id=24]
[ext_resource path="res://gfx/unit/U3/any0023.png" type="Texture" id=25]
[ext_resource path="res://gfx/unit/U3/any0024.png" type="Texture" id=26]
[ext_resource path="res://gfx/unit/U3/any0025.png" type="Texture" id=27]
[ext_resource path="res://gfx/unit/U3/any0026.png" type="Texture" id=28]
[ext_resource path="res://gfx/unit/U3/any0027.png" type="Texture" id=29]
[ext_resource path="res://gfx/unit/U3/any0028.png" type="Texture" id=30]
[ext_resource path="res://gfx/unit/U3/any0029.png" type="Texture" id=31]
[ext_resource path="res://gfx/unit/U3/any0030.png" type="Texture" id=32]
[ext_resource path="res://gfx/unit/U3/any0031.png" type="Texture" id=33]
[ext_resource path="res://gfx/unit/U3/any0032.png" type="Texture" id=34]
[ext_resource path="res://gfx/unit/U3/any0033.png" type="Texture" id=35]

[sub_resource type="SpriteFrames" id=1]

animations = [ {
"frames": [ ExtResource( 2 ), ExtResource( 3 ), ExtResource( 4 ), ExtResource( 5 ), ExtResource( 6 ), ExtResource( 7 ), ExtResource( 8 ), ExtResource( 9 ), ExtResource( 10 ), ExtResource( 11 ), ExtResource( 12 ), ExtResource( 13 ), ExtResource( 14 ), ExtResource( 15 ), ExtResource( 16 ), ExtResource( 17 ), ExtResource( 18 ), ExtResource( 19 ), ExtResource( 20 ), ExtResource( 21 ), ExtResource( 22 ), ExtResource( 23 ), ExtResource( 24 ), ExtResource( 25 ), ExtResource( 26 ), ExtResource( 27 ), ExtResource( 28 ), ExtResource( 29 ), ExtResource( 30 ), ExtResource( 31 ), ExtResource( 32 ), ExtResource( 33 ), ExtResource( 34 ), ExtResource( 35 ) ],
"loop": true,
"name": "moving",
"speed": 5.0
}, {
"frames": [ ExtResource( 2 ), ExtResource( 3 ), ExtResource( 4 ), ExtResource( 5 ), ExtResource( 6 ), ExtResource( 7 ), ExtResource( 8 ), ExtResource( 9 ), ExtResource( 10 ), ExtResource( 11 ), ExtResource( 12 ), ExtResource( 13 ), ExtResource( 14 ), ExtResource( 15 ), ExtResource( 16 ), ExtResource( 17 ), ExtResource( 18 ), ExtResource( 19 ), ExtResource( 20 ), ExtResource( 21 ), ExtResource( 22 ), ExtResource( 23 ), ExtResource( 24 ), ExtResource( 25 ), ExtResource( 26 ), ExtResource( 27 ), ExtResource( 28 ), ExtResource( 29 ), ExtResource( 30 ), ExtResource( 31 ), ExtResource( 32 ), ExtResource( 33 ), ExtResource( 34 ), ExtResource( 35 ) ],
"loop": true,
"name": "static",
"speed": 5.0
} ]

[node name="Node2D" type="Node2D"]

material/use_parent = true
script/script = ExtResource( 1 )
MAX_HEALTH = 80
AI_TYPE = 1
SIDE = 1
HEIGHT = 0
SPEED = 0.1
DAMAGE = 2
POWER_GEN = 0.05

[node name="Polygon2D" type="Polygon2D" parent="."]

visibility/visible = false
polygon = Vector2Array( 0, 0, 30, 0, 30, 15, 0, 15 )
uv = Vector2Array(  )
color = Color( 0.613281, 0.045517, 0.045517, 1 )
vertex_colors = ColorArray(  )
offset = Vector2( 0, 0 )
texture/texture = null
texture/offset = Vector2( 0, 0 )
texture/scale = Vector2( 1, 1 )
texture/rotation = 0.0
invert/enable = false
invert/border = 100.0

[node name="Label" type="Label" parent="Polygon2D"]

focus/ignore_mouse = true
focus/stop_mouse = true
size_flags/horizontal = 2
size_flags/vertical = 0
margin/left = 0.0
margin/top = 0.0
margin/right = 40.0
margin/bottom = 14.0
text = "cos1"
percent_visible = 1.0
lines_skipped = 0
max_lines_visible = -1

[node name="AnimatedSprite" type="AnimatedSprite" parent="."]

material/use_parent = true
transform/pos = Vector2( 7.29971, -6.13176 )
frames = SubResource( 1 )
animation = "static"
frame = 10
playing = true


